@article{Barbour2019,
  doi = {10.1128/mbio.02166-19},
  url = {https://doi.org/10.1128/mbio.02166-19},
  year = {2019},
  month = sep,
  publisher = {American Society for Microbiology},
  volume = {10},
  number = {5},
	pages = {e02166-19},
  author = {Alan G. Barbour and Jorge L. Benach},
  editor = {Arturo Casadevall},
  title = {Discovery of the Lyme Disease Agent},
  journal = {{mBio}}
}

@article{Baxter2016,
  doi = {10.1186/s13073-016-0290-3},
  url = {https://doi.org/10.1186/s13073-016-0290-3},
  year  = {2016},
  month = {apr},
  publisher = {Springer Nature},
  volume = {8},
  number = {1},
	pages = {37},
  author = {Nielson T. Baxter and Mack T. Ruffin and Mary A. M. Rogers and Patrick D. Schloss},
  title = {Microbiota-based model improves the sensitivity of fecal immunochemical test for detecting colonic lesions},
  journal = {Genome Medicine}
}

@article{Bokulich2012,
  doi = {10.1038/nmeth.2276},
  url = {https://doi.org/10.1038/nmeth.2276},
  year = {2012},
  month = dec,
  publisher = {Springer Nature},
  volume = {10},
  number = {1},
  pages = {57--59},
  author = {Nicholas A Bokulich and Sathish Subramanian and Jeremiah J Faith and Dirk Gevers and Jeffrey I Gordon and Rob Knight and David A Mills and J Gregory Caporaso},
  title = {Quality-filtering vastly improves diversity estimates from Illumina amplicon sequencing},
  journal = {Nature Methods}
}

@article{Bonfield1995,
  title={A new DNA sequence assembly program},
  author={Bonfield, James K and Smith, Kathryn F and Staden, Rodger},
  journal={Nucleic Acids Research},
  volume={23},
  number={24},
  pages={4992--4999},
  year={1995},
  publisher={Oxford University Press}
}

@article{Bolyen2019,
  doi = {10.1038/s41587-019-0209-9},
  url = {https://doi.org/10.1038/s41587-019-0209-9},
  year = {2019},
  month = jul,
  publisher = {Springer Science and Business Media {LLC}},
  volume = {37},
  number = {8},
  pages = {852--857},
  author = {Evan Bolyen and Jai Ram Rideout and Matthew R. Dillon and Nicholas A. Bokulich and Christian C. Abnet and Gabriel A. Al-Ghalith and Harriet Alexander and Eric J. Alm and Manimozhiyan Arumugam and Francesco Asnicar and Yang Bai and Jordan E. Bisanz and Kyle Bittinger and Asker Brejnrod and Colin J. Brislawn and C. Titus Brown and Benjamin J. Callahan and Andr{\'{e}}s Mauricio Caraballo-Rodr{\'{\i}}guez and John Chase and Emily K. Cope and Ricardo Da Silva and Christian Diener and Pieter C. Dorrestein and Gavin M. Douglas and Daniel M. Durall and Claire Duvallet and Christian F. Edwardson and Madeleine Ernst and Mehrbod Estaki and Jennifer Fouquier and Julia M. Gauglitz and Sean M. Gibbons and Deanna L. Gibson and Antonio Gonzalez and Kestrel Gorlick and Jiarong Guo and Benjamin Hillmann and Susan Holmes and Hannes Holste and Curtis Huttenhower and Gavin A. Huttley and Stefan Janssen and Alan K. Jarmusch and Lingjing Jiang and Benjamin D. Kaehler and Kyo Bin Kang and Christopher R. Keefe and Paul Keim and Scott T. Kelley and Dan Knights and Irina Koester and Tomasz Kosciolek and Jorden Kreps and Morgan G. I. Langille and Joslynn Lee and Ruth Ley and Yong-Xin Liu and Erikka Loftfield and Catherine Lozupone and Massoud Maher and Clarisse Marotz and Bryan D. Martin and Daniel McDonald and Lauren J. McIver and Alexey V. Melnik and Jessica L. Metcalf and Sydney C. Morgan and Jamie T. Morton and Ahmad Turan Naimey and Jose A. Navas-Molina and Louis Felix Nothias and Stephanie B. Orchanian and Talima Pearson and Samuel L. Peoples and Daniel Petras and Mary Lai Preuss and Elmar Pruesse and Lasse Buur Rasmussen and Adam Rivers and Michael S. Robeson and Patrick Rosenthal and Nicola Segata and Michael Shaffer and Arron Shiffer and Rashmi Sinha and Se Jin Song and John R. Spear and Austin D. Swafford and Luke R. Thompson and Pedro J. Torres and Pauline Trinh and Anupriya Tripathi and Peter J. Turnbaugh and Sabah Ul-Hasan and Justin J. J. van der Hooft and Fernando Vargas and Yoshiki V{\'{a}}zquez-Baeza and Emily Vogtmann and Max von Hippel and William Walters and Yunhu Wan and Mingxun Wang and Jonathan Warren and Kyle C. Weber and Charles H. D. Williamson and Amy D. Willis and Zhenjiang Zech Xu and Jesse R. Zaneveld and Yilong Zhang and Qiyun Zhu and Rob Knight and J. Gregory Caporaso},
  title = {Reproducible,  interactive,  scalable and extensible microbiome data science using {QIIME} 2},
  journal = {Nature Biotechnology}
}

@article{Callahan2016,
  doi = {10.1038/nmeth.3869},
  url = {https://doi.org/10.1038/nmeth.3869},
  year = {2016},
  month = may,
  publisher = {Springer Nature},
  volume = {13},
  number = {7},
  pages = {581--583},
  author = {Benjamin J Callahan and Paul J McMurdie and Michael J Rosen and Andrew W Han and Amy Jo A Johnson and Susan P Holmes},
  title = {{DADA}2: High-resolution sample inference from Illumina amplicon data},
  journal = {Nature Methods}
}

@article{Callahan2017,
  doi = {10.1038/ismej.2017.119},
  url = {https://doi.org/10.1038/ismej.2017.119},
  year = {2017},
  month = jul,
  publisher = {Springer Science and Business Media {LLC}},
  volume = {11},
  number = {12},
  pages = {2639--2643},
  author = {Benjamin J Callahan and Paul J McMurdie and Susan P Holmes},
  title = {Exact sequence variants should replace operational taxonomic units in marker-gene data analysis},
  journal = {The {ISME} Journal}
}

@article{Calus2018,
  doi = {10.1093/gigascience/giy140},
  url = {https://doi.org/10.1093/gigascience/giy140},
  year = {2018},
  month = nov,
  publisher = {Oxford University Press ({OUP})},
  volume = {7},
  pages = {12},
  author = {Szymon T Calus and Umer Z Ijaz and Ameet J Pinto},
  title = {{NanoAmpli}-Seq: a workflow for amplicon sequencing for mixed microbial communities on the nanopore sequencing platform},
  journal = {{GigaScience}}
}

@article{Caporaso2010a,
  doi = {10.1038/nmeth.f.303},
  url = {https://doi.org/10.1038/nmeth.f.303},
  year = {2010},
  month = apr,
  publisher = {Springer Nature},
  volume = {7},
  number = {5},
  pages = {335--336},
  author = {J Gregory Caporaso and Justin Kuczynski and Jesse Stombaugh and Kyle Bittinger and Frederic D Bushman and Elizabeth K Costello and Noah Fierer and Antonio Gonzalez Pe{\~{n}}a and Julia K Goodrich and Jeffrey I Gordon and Gavin A Huttley and Scott T Kelley and Dan Knights and Jeremy E Koenig and Ruth E Ley and Catherine A Lozupone and Daniel McDonald and Brian D Muegge and Meg Pirrung and Jens Reeder and Joel R Sevinsky and Peter J Turnbaugh and William A Walters and Jeremy Widmann and Tanya Yatsunenko and Jesse Zaneveld and Rob Knight},
  title = {{QIIME} allows analysis of high-throughput community sequencing data},
  journal = {Nature Methods}
}

@article{Caporaso2010b,
  doi = {10.1073/pnas.1000080107},
  url = {https://doi.org/10.1073/pnas.1000080107},
  year = {2010},
  month = jun,
  publisher = {Proceedings of the National Academy of Sciences},
  volume = {108},
  number = {Supplement{\_}1},
  pages = {4516--4522},
  author = {J. G. Caporaso and C. L. Lauber and W. A. Walters and D. Berg-Lyons and C. A. Lozupone and P. J. Turnbaugh and N. Fierer and R. Knight},
  title = {Global patterns of 16S {rRNA} diversity at a depth of millions of sequences per sample},
  journal = {Proceedings of the National Academy of Sciences}
}

@article{Carey2018,
  doi = {10.1371/journal.pcbi.1005871},
  url = {https://doi.org/10.1371/journal.pcbi.1005871},
  year = {2018},
  month = jan,
  publisher = {Public Library of Science ({PLoS})},
  volume = {14},
  number = {1},
  pages = {e1005871},
  author = {Maureen A. Carey and Jason A. Papin},
  editor = {Scott Markel},
  title = {Ten simple rules for biologists learning to program},
  journal = {{PLOS} Computational Biology}
}

@article{Casadevall2015,
  doi = {10.1128/iai.00921-15},
  url = {https://doi.org/10.1128/iai.00921-15},
  year = {2015},
  month = sep,
  publisher = {American Society for Microbiology},
  volume = {83},
  number = {12},
  pages = {4460--4464},
  author = {Arturo Casadevall and Ferric C. Fang},
  editor = {A. J. B\"{a}umler},
  title = {(A)Historical Science},
  journal = {Infection and Immunity}
}

@article{Chandler1997,
  title={Effect of PCR template concentration on the composition and distribution of total community 16S rDNA clone libraries},
  author={Chandler, Darrell P and Fredrickson, Jim K and Brockman, Fred J},
  journal={Molecular Ecology},
  volume={6},
  number={5},
  pages={475--482},
  year={1997},
  publisher={Wiley Online Library}
}

@article{Cole2013,
  doi = {10.1093/nar/gkt1244},
  url = {https://doi.org/10.1093/nar/gkt1244},
  year = {2013},
  month = nov,
  publisher = {Oxford University Press ({OUP})},
  volume = {42},
  number = {D1},
  pages = {D633--D642},
  author = {James R. Cole and Qiong Wang and Jordan A. Fish and Benli Chai and Donna M. McGarrell and Yanni Sun and C. Titus Brown and Andrea Porras-Alfaro and Cheryl R. Kuske and James M. Tiedje},
  title = {Ribosomal Database Project: data and tools for high throughput {rRNA} analysis},
  journal = {Nucleic Acids Research}
}

@article{Colwell2014,
  doi = {10.1111/ecog.00814},
  url = {https://doi.org/10.1111/ecog.00814},
  year = {2014},
  month = apr,
  publisher = {Wiley},
  volume = {37},
  number = {6},
  pages = {609--613},
  author = {Robert K. Colwell and Johanna E. Elsensohn},
  title = {{EstimateS} turns 20: statistical estimation of species richness and shared species from samples,  with non-parametric extrapolation},
  journal = {Ecography}
}

@article{Davis2018,
  doi = {10.1186/s40168-018-0605-2},
  url = {https://doi.org/10.1186/s40168-018-0605-2},
  year = {2018},
  month = dec,
  publisher = {Springer Nature},
  volume = {6},
  pages = {1},
  author = {Nicole M. Davis and Diana M. Proctor and Susan P. Holmes and David A. Relman and Benjamin J. Callahan},
  title = {Simple statistical identification and removal of contaminant sequences in marker-gene and metagenomics data},
  journal = {Microbiome}
}

@article{DeSantis2006a,
  doi = {10.1128/aem.03006-05},
  url = {https://doi.org/10.1128/aem.03006-05},
  year = {2006},
  month = jul,
  publisher = {American Society for Microbiology},
  volume = {72},
  number = {7},
  pages = {5069--5072},
  author = {T. Z. DeSantis and P. Hugenholtz and N. Larsen and M. Rojas and E. L. Brodie and K. Keller and T. Huber and D. Dalevi and P. Hu and G. L. Andersen},
  title = {Greengenes,  a Chimera-Checked 16S {rRNA} Gene Database and Workbench Compatible with {ARB}},
  journal = {Applied and Environmental Microbiology}
}

@article{DeSantis2006b,
  doi = {10.1093/nar/gkl244},
  url = {https://doi.org/10.1093/nar/gkl244},
  year = {2006},
  month = jul,
  publisher = {Oxford University Press ({OUP})},
  volume = {34},
  number = {Web Server},
  pages = {W394--W399},
  author = {T. Z. DeSantis and P. Hugenholtz and K. Keller and E. L. Brodie and N. Larsen and Y. M. Piceno and R. Phan and G. L. Andersen},
  title = {{NAST}: a multiple sequence alignment server for comparative analysis of 16S {rRNA} genes},
  journal = {Nucleic Acids Research}
}

@article{Eddelbuettel2011,
  title = {{Rcpp}: Seamless {R} and {C++} Integration},
  author = {Dirk Eddelbuettel and Romain Fran\c{c}ois},
  journal = {Journal of Statistical Software},
  year = {2011},
  volume = {40},
  number = {8},
  pages = {1--18},
  url = {http://www.jstatsoft.org/v40/i08/},
  doi = {10.18637/jss.v040.i08},
}

@article{Edgar2010,
  doi = {10.1093/bioinformatics/btq461},
  url = {https://doi.org/10.1093/bioinformatics/btq461},
  year = {2010},
  month = aug,
  publisher = {Oxford University Press ({OUP})},
  volume = {26},
  number = {19},
  pages = {2460--2461},
  author = {Robert C. Edgar},
  title = {Search and clustering orders of magnitude faster than {BLAST}},
  journal = {Bioinformatics}
}

@article{Edgar2011,
  doi = {10.1093/bioinformatics/btr381},
  url = {https://doi.org/10.1093/bioinformatics/btr381},
  year = {2011},
  month = jun,
  publisher = {Oxford University Press ({OUP})},
  volume = {27},
  number = {16},
  pages = {2194--2200},
  author = {Robert C. Edgar and Brian J. Haas and Jose C. Clemente and Christopher Quince and Rob Knight},
  title = {{UCHIME} improves sensitivity and speed of chimera detection},
  journal = {Bioinformatics}
}

@article{Felsenstein1989,
  title={PHYLIP - Phylogeny Inference Package},
	journal = {Cladistics},
	volume = {5},
	pages = {164-166},
  author={Felsenstein, J},
  year={1989}
}

@article{Glckner2017,
  doi = {10.1016/j.jbiotec.2017.06.1198},
  url = {https://doi.org/10.1016/j.jbiotec.2017.06.1198},
  year = {2017},
  month = nov,
  publisher = {Elsevier {BV}},
  volume = {261},
  pages = {169--176},
  author = {Frank Oliver Gl\"{o}ckner and Pelin Yilmaz and Christian Quast and Jan Gerken and Alan Beccati and Andreea Ciuprina and Gerrit Bruns and Pablo Yarza and J\"{o}rg Peplies and Ralf Westram and Wolfgang Ludwig},
  title = {25 years of serving the community with ribosomal {RNA} gene reference databases and tools},
  journal = {Journal of Biotechnology}
}

@article{Gonzalez2018,
  doi = {10.1038/s41592-018-0141-9},
  url = {https://doi.org/10.1038/s41592-018-0141-9},
  year = {2018},
  month = oct,
  publisher = {Springer Science and Business Media {LLC}},
  volume = {15},
  number = {10},
  pages = {796--798},
  author = {Antonio Gonzalez and Jose A. Navas-Molina and Tomasz Kosciolek and Daniel McDonald and Yoshiki V{\'{a}}zquez-Baeza and Gail Ackermann and Jeff DeReus and Stefan Janssen and Austin D. Swafford and Stephanie B. Orchanian and Jon G. Sanders and Joshua Shorenstein and Hannes Holste and Semar Petrus and Adam Robbins-Pianka and Colin J. Brislawn and Mingxun Wang and Jai Ram Rideout and Evan Bolyen and Matthew Dillon and J. Gregory Caporaso and Pieter C. Dorrestein and Rob Knight},
  title = {Qiita: rapid,  web-enabled microbiome meta-analysis},
  journal = {Nature Methods}
}

@article{Haas2011,
  doi = {10.1101/gr.112730.110},
  url = {https://doi.org/10.1101/gr.112730.110},
  year = {2011},
  month = jan,
  publisher = {Cold Spring Harbor Laboratory},
  volume = {21},
  number = {3},
  pages = {494--504},
  author = {B. J. Haas and D. Gevers and A. M. Earl and M. Feldgarden and D. V. Ward and G. Giannoukos and D. Ciulla and D. Tabbaa and S. K. Highlander and E. Sodergren and B. Methe and T. Z. DeSantis and J. F. Petrosino and R. Knight and B. W. Birren and},
  title = {Chimeric 16S {rRNA} sequence formation and detection in {Sanger} and 454-pyrosequenced {PCR} amplicons},
  journal = {Genome Research}
}

@article{Hansen1998,
  title={Biased 16S rDNA PCR amplification caused by interference from DNA flanking the template region},
  author={Hansen, Martin Christian and Tolker-Nielsen, Tim and Givskov, Michael and Molin, S{\o}ren},
  journal={FEMS Microbiology Ecology},
  volume={26},
  number={2},
  pages={141--149},
  year={1998},
  publisher={Blackwell Publishing Ltd Oxford, UK}
}

@article{Hugenholtz2003,
  title={Chimeric 16S rDNA sequences of diverse origin are accumulating in the public databases},
  author={Hugenholtz, Philip and Huber, Thomas},
  journal={International Journal of Systematic and Evolutionary Microbiology},
  volume={53},
  number={1},
  pages={289--293},
  year={2003},
  publisher={Microbiology Society}
}

@article{Hughes2001,
  doi = {10.1128/aem.67.10.4399-4406.2001},
  url = {https://doi.org/10.1128/aem.67.10.4399-4406.2001},
  year = {2001},
  month = oct,
  publisher = {American Society for Microbiology},
  volume = {67},
  number = {10},
  pages = {4399--4406},
  author = {J. B. Hughes and J. J. Hellmann and T. H. Ricketts and B. J. M. Bohannan},
  title = {Counting the Uncountable: Statistical Approaches to Estimating Microbial Diversity},
  journal = {Applied and Environmental Microbiology}
}

@article{Komatsoulis1997,
  title={A new computational method for detection of chimeric 16S rRNA artifacts generated by PCR amplification from mixed bacterial populations.},
  author={Komatsoulis, George A and Waterman, Michael S},
  journal={Applied and Environmental Microbiology},
  volume={63},
  number={6},
  pages={2338--2346},
  year={1997},
  publisher={Am Soc Microbiol}
}

@article{Kozich2013,
  doi = {10.1128/aem.01043-13},
  url = {https://doi.org/10.1128/aem.01043-13},
  year = {2013},
  month = jun,
  publisher = {American Society for Microbiology},
  volume = {79},
  number = {17},
  pages = {5112--5120},
  author = {James J. Kozich and Sarah L. Westcott and Nielson T. Baxter and Sarah K. Highlander and Patrick D. Schloss},
  title = {Development of a Dual-Index Sequencing Strategy and Curation Pipeline for Analyzing Amplicon Sequence Data on the {MiSeq} Illumina Sequencing Platform},
  journal = {Applied and Environmental Microbiology}
}

@article{Kuhn2008,
   author = {Max Kuhn},
   title = {Building Predictive Models in {R} Using the caret Package},
   journal = {Journal of Statistical Software, Articles},
   volume = {28},
   number = {5},
   year = {2008},
   keywords = {},
   abstract = {The caret package, short for classification and regression training, contains numerous tools for developing predictive models using the rich set of models available in R. The package focuses on simplifying model training and tuning across a wide variety of modeling techniques. It also includes methods for pre-processing training data, calculating variable importance, and model visualizations. An example from computational chemistry is used to illustrate the functionality on a real data set and to benchmark the benefits of parallel processing with several types of models.},
   issn = {1548-7660},
   pages = {1--26},
   doi = {10.18637/jss.v028.i05},
   url = {https://www.jstatsoft.org/v028/i05}
}

@article{Lenski2017,
  doi = {10.1038/ismej.2017.69},
  url = {https://doi.org/10.1038/ismej.2017.69},
  year = {2017},
  month = may,
  publisher = {Springer Science and Business Media {LLC}},
  volume = {11},
  number = {10},
  pages = {2181--2194},
  author = {Richard E Lenski},
  title = {Experimental evolution and the dynamics of adaptation and genome evolution in microbial populations},
  journal = {The {ISME} Journal}
}

@article{Lozupone2005,
  doi = {10.1128/aem.71.12.8228-8235.2005},
  url = {https://doi.org/10.1128/aem.71.12.8228-8235.2005},
  year = {2005},
  month = dec,
  publisher = {American Society for Microbiology},
  volume = {71},
  number = {12},
  pages = {8228--8235},
  author = {C. Lozupone and R. Knight},
  title = {{UniFrac}: a New Phylogenetic Method for Comparing Microbial Communities},
  journal = {Applied and Environmental Microbiology}
}

@article{Lozupone2007,
  doi = {10.1128/aem.01996-06},
  url = {https://doi.org/10.1128/aem.01996-06},
  year = {2007},
  month = jan,
  publisher = {American Society for Microbiology},
  volume = {73},
  number = {5},
  pages = {1576--1585},
  author = {C. A. Lozupone and M. Hamady and S. T. Kelley and R. Knight},
  title = {Quantitative and Qualitative ~ Diversity Measures Lead to Different Insights into Factors That Structure Microbial Communities},
  journal = {Applied and Environmental Microbiology}
}

@article{Ludwig2004,
  doi = {10.1093/nar/gkh293},
  url = {https://doi.org/10.1093/nar/gkh293},
  year = {2004},
  month = feb,
  publisher = {Oxford University Press ({OUP})},
  volume = {32},
  number = {4},
  pages = {1363--1371},
  author = {W. Ludwig},
  title = {{ARB}: a software environment for sequence data},
  journal = {Nucleic Acids Research}
}

@article{Mah2015,
  doi = {10.7717/peerj.1420},
  url = {https://doi.org/10.7717/peerj.1420},
  year = {2015},
  month = dec,
  publisher = {{PeerJ}},
  volume = {3},
  pages = {e1420},
  author = {Fr{\'{e}}d{\'{e}}ric Mah{\'{e}} and Torbj{\o}rn Rognes and Christopher Quince and Colomban de Vargas and Micah Dunthorn},
  title = {Swarm v2: highly-scalable and high-resolution amplicon clustering},
  journal = {{PeerJ}}
}

@article{Masella2012,
  doi = {10.1186/1471-2105-13-31},
  url = {https://doi.org/10.1186/1471-2105-13-31},
  year = {2012},
  publisher = {Springer Nature},
  volume = {13},
  number = {1},
  pages = {31},
  author = {Andre P Masella and Andrea K Bartram and Jakub M Truszkowski and Daniel G Brown and Josh D Neufeld},
  title = {{PANDAseq}: paired-end assembler for illumina sequences},
  journal = {{BMC} Bioinformatics}
}

@article{McCaig1999,
  title={Molecular analysis of bacterial community structure and diversity in unimproved and improved upland grass pastures},
  author={Mc{C}aig, Allison E and Glover, L Anne and Prosser, James I},
  journal={Applied and Environmental Microbiology},
  volume={65},
  number={4},
  pages={1721--1730},
  year={1999},
  publisher={Am Soc Microbiol}
}

@incollection{NavasMolina2013,
  doi = {10.1016/b978-0-12-407863-5.00019-8},
  url = {https://doi.org/10.1016/b978-0-12-407863-5.00019-8},
  year = {2013},
  publisher = {Elsevier},
  pages = {371--444},
  author = {Jos{\'{e}} A. Navas-Molina and Juan M. Peralta-S{\'{a}}nchez and Antonio Gonz{\'{a}}lez and Paul J. McMurdie and Yoshiki V{\'{a}}zquez-Baeza and Zhenjiang Xu and Luke K. Ursell and Christian Lauber and Hongwei Zhou and Se Jin Song and James Huntley and Gail L. Ackermann and Donna Berg-Lyons and Susan Holmes and J. Gregory Caporaso and Rob Knight},
  title = {Advancing Our Understanding of the Human Microbiome Using {QIIME}},
  booktitle = {Methods in {Enzymology}}
}

@inproceedings{Paszke2017,
  title={Automatic Differentiation in {PyTorch}},
  author={Paszke, Adam and Gross, Sam and Chintala, Soumith and Chanan, Gregory and Yang, Edward and DeVito, Zachary and Lin, Zeming and Desmaison, Alban and Antiga, Luca and Lerer, Adam},
  booktitle={NIPS Autodiff Workshop},
  year={2017}
}

@article{Pollock2018,
  doi = {10.1128/aem.02627-17},
  url = {https://doi.org/10.1128/aem.02627-17},
  year = {2018},
  month = feb,
  publisher = {American Society for Microbiology},
  volume = {84},
  number = {7},
	pages = {e02627-17},
  author = {Jolinda Pollock and Laura Glendinning and Trong Wisedchanwet and Mick Watson},
  editor = {Shuang-Jiang Liu},
  title = {The Madness of Microbiome: Attempting To Find Consensus {\textquotedblleft}Best Practice{\textquotedblright} for 16S Microbiome Studies},
  journal = {Applied and Environmental Microbiology}
}

@article{Polz1998,
  title={Bias in template-to-product ratios in multitemplate PCR},
  author={Polz, Martin F and Cavanaugh, Colleen M},
  journal={Applied and Environmental Microbiology},
  volume={64},
  number={10},
  pages={3724--3730},
  year={1998},
  publisher={Am Soc Microbiol}
}

@article{Qiu2001,
  title={Evaluation of PCR-generated chimeras, mutations, and heteroduplexes with 16S rRNA gene-based cloning},
  author={Qiu, Xiaoyun and Wu, Liyou and Huang, Heshu and McDonel, Patrick E and Palumbo, Anthony V and Tiedje, James M and Zhou, Jizhong},
  journal={Applied and Environmental Microbiology},
  volume={67},
  number={2},
  pages={880--887},
  year={2001},
  publisher={Am Soc Microbiol}
}

@article{Quince2009,
  doi = {10.1038/nmeth.1361},
  url = {https://doi.org/10.1038/nmeth.1361},
  year = {2009},
  month = aug,
  publisher = {Springer Nature},
  volume = {6},
  number = {9},
  pages = {639--641},
  author = {Christopher Quince and Anders Lanz{\'{e}}n and Thomas P Curtis and Russell J Davenport and Neil Hall and Ian M Head and L Fiona Read and William T Sloan},
  title = {Accurate determination of microbial diversity from 454 pyrosequencing data},
  journal = {Nature Methods}
}

@article{Quince2011,
  doi = {10.1186/1471-2105-12-38},
  url = {https://doi.org/10.1186/1471-2105-12-38},
  year = {2011},
  month = jan,
  publisher = {Springer Nature},
  volume = {12},
  number = {1},
	pages = {38},
  author = {Christopher Quince and Anders Lanzen and Russell J Davenport and Peter J Turnbaugh},
  title = {Removing Noise From Pyrosequenced Amplicons},
  journal = {{BMC} Bioinformatics}
}

@article{Rideout2014,
  doi = {10.7717/peerj.545},
  url = {https://doi.org/10.7717/peerj.545},
  year = {2014},
  month = aug,
  publisher = {{PeerJ}},
  volume = {2},
  pages = {e545},
  author = {Jai Ram Rideout and Yan He and Jose A. Navas-Molina and William A. Walters and Luke K. Ursell and Sean M. Gibbons and John Chase and Daniel McDonald and Antonio Gonzalez and Adam Robbins-Pianka and Jose C. Clemente and Jack A. Gilbert and Susan M. Huse and Hong-Wei Zhou and Rob Knight and J. Gregory Caporaso},
  title = {Subsampled open-reference clustering creates consistent,  comprehensive {OTU} definitions and scales to billions of sequences},
  journal = {{PeerJ}}
}

@article{Rognes2016,
  doi = {10.7717/peerj.2584},
  url = {https://doi.org/10.7717/peerj.2584},
  year = {2016},
  month = oct,
  publisher = {{PeerJ}},
  volume = {4},
  pages = {e2584},
  author = {Torbj{\o}rn Rognes and Tom{\'{a}}{\v{s}} Flouri and Ben Nichols and Christopher Quince and Fr{\'{e}}d{\'{e}}ric Mah{\'{e}}},
  title = {{VSEARCH}: a versatile open source tool for metagenomics},
  journal = {{PeerJ}}
}

@article{Salter2014,
  doi = {10.1186/s12915-014-0087-z},
  url = {https://doi.org/10.1186/s12915-014-0087-z},
  year = {2014},
  month = nov,
  publisher = {Springer Nature},
  volume = {12},
  number = {1},
	pages = {87},
  author = {Susannah J Salter and Michael J Cox and Elena M Turek and Szymon T Calus and William O Cookson and Miriam F Moffatt and Paul Turner and Julian Parkhill and Nicholas J Loman and Alan W Walker},
  title = {Reagent and laboratory contamination can critically impact sequence-based microbiome analyses},
  journal = {{BMC} Biology}
}

@article{Schloss2004a,
  doi = {10.1128/aem.70.9.5485-5492.2004},
  url = {https://doi.org/10.1128/aem.70.9.5485-5492.2004},
  year = {2004},
  month = sep,
  publisher = {American Society for Microbiology},
  volume = {70},
  number = {9},
  pages = {5485--5492},
  author = {P. D. Schloss and B. R. Larget and J. Handelsman},
  title = {Integration of Microbial Ecology and Statistics: a Test To Compare Gene Libraries},
  journal = {Applied and Environmental Microbiology}
}

@article{Schloss2004b,
  doi = {10.1128/mmbr.68.4.686-691.2004},
  url = {https://doi.org/10.1128/mmbr.68.4.686-691.2004},
  year = {2004},
  month = dec,
  publisher = {American Society for Microbiology},
  volume = {68},
  number = {4},
  pages = {686--691},
  author = {P. D. Schloss and J. Handelsman},
  title = {Status of the Microbial Census},
  journal = {Microbiology and Molecular Biology Reviews}
}

@article{Schloss2005,
  doi = {10.1128/aem.71.3.1501-1506.2005},
  url = {https://doi.org/10.1128/aem.71.3.1501-1506.2005},
  year = {2005},
  month = mar,
  publisher = {American Society for Microbiology},
  volume = {71},
  number = {3},
  pages = {1501--1506},
  author = {P. D. Schloss and J. Handelsman},
  title = {Introducing {DOTUR},  a Computer Program for Defining Operational Taxonomic Units and Estimating Species Richness},
  journal = {Applied and Environmental Microbiology}
}

@article{Schloss2006a,
  doi = {10.1128/aem.72.4.2379-2384.2006},
  url = {https://doi.org/10.1128/aem.72.4.2379-2384.2006},
  year = {2006},
  month = apr,
  publisher = {American Society for Microbiology},
  volume = {72},
  number = {4},
  pages = {2379--2384},
  author = {P. D. Schloss and J. Handelsman},
  title = {Introducing {TreeClimber},  a Test To Compare Microbial Community Structures},
  journal = {Applied and Environmental Microbiology}
}

@article{Schloss2006b,
  doi = {10.1128/aem.00474-06},
  url = {https://doi.org/10.1128/aem.00474-06},
  year = {2006},
  month = oct,
  publisher = {American Society for Microbiology},
  volume = {72},
  number = {10},
  pages = {6773--6779},
  author = {P. D. Schloss and J. Handelsman},
  title = {Introducing {SONS},  a Tool for Operational Taxonomic Unit-Based Comparisons of Microbial Community Memberships and Structures},
  journal = {Applied and Environmental Microbiology}
}

@article{Schloss2006c,
  doi = {10.1371/journal.pcbi.0020092},
  url = {https://doi.org/10.1371/journal.pcbi.0020092},
  year = {2006},
  publisher = {Public Library of Science ({PLoS})},
  volume = {2},
  number = {7},
  pages = {e92},
  author = {Patrick D. Schloss and Jo Handelsman},
  title = {Toward a Census of Bacteria in Soil},
  journal = {{PLoS} Computational Biology}
}

@article{Schloss2007,
  title={The last word: books as a statistical metaphor for microbial communities},
  author={Schloss, Patrick D and Handelsman, Jo},
  journal={Annual Review of Microbiology},
  volume={61},
	pages = {23--34},
  year={2007}
}

@article{Schloss2008,
  doi = {10.1038/ismej.2008.5},
  url = {https://doi.org/10.1038/ismej.2008.5},
  year = {2008},
  month = jan,
  publisher = {Springer Nature},
  volume = {2},
  number = {3},
  pages = {265--275},
  author = {Patrick D Schloss},
  title = {Evaluating different approaches that test whether microbial communities have the same structure},
  journal = {The {ISME} Journal}
}

@article{Schloss2009a,
  doi = {10.1128/aem.01541-09},
  url = {http://dx.doi.org/10.1128/AEM.01541-09},
  year  = {2009},
  month = {oct},
  publisher = {American Society for Microbiology},
  volume = {75},
  number = {23},
  pages = {7537--7541},
  author = {P. D. Schloss and S. L. Westcott and T. Ryabin and J. R. Hall and M. Hartmann and E. B. Hollister and R. A. Lesniewski and B. B. Oakley and D. H. Parks and C. J. Robinson and J. W. Sahl and B. Stres and G. G. Thallinger and D. J. Van Horn and C. F. Weber},
  title = {Introducing mothur: Open-Source,  Platform-Independent,  Community-Supported Software for Describing and Comparing Microbial Communities},
  journal = {Applied and Environmental Microbiology}
}

@article{Schloss2009b,
  doi = {10.1371/journal.pone.0008230},
  url = {https://doi.org/10.1371/journal.pone.0008230},
  year = {2009},
  month = dec,
  publisher = {Public Library of Science ({PLoS})},
  volume = {4},
  number = {12},
  pages = {e8230},
  author = {Patrick D. Schloss},
  editor = {John Quackenbush},
  title = {A High-Throughput {DNA} Sequence Aligner for Microbial Ecology Studies},
  journal = {{PLoS} {ONE}}
}

@article{Schloss2010a,
  doi = {10.1371/journal.pcbi.1000844},
  url = {https://doi.org/10.1371/journal.pcbi.1000844},
  year = {2010},
  month = jul,
  publisher = {Public Library of Science ({PLoS})},
  volume = {6},
  number = {7},
  pages = {e1000844},
  author = {Patrick D. Schloss},
  editor = {Jonathan A. Eisen},
  title = {The Effects of Alignment Quality,  Distance Calculation Method,  Sequence Filtering,  and Region on the Analysis of 16S {rRNA} Gene-Based Studies},
  journal = {{PLoS} Computational Biology}
}

@article{Schloss2011a,
  doi = {10.1128/aem.02810-10},
  url = {https://doi.org/10.1128/aem.02810-10},
  year = {2011},
  month = mar,
  publisher = {American Society for Microbiology},
  volume = {77},
  number = {10},
  pages = {3219--3226},
  author = {Patrick D. Schloss and Sarah L. Westcott},
  title = {Assessing and Improving Methods Used in Operational Taxonomic Unit-Based Approaches for 16S {rRNA} Gene Sequence Analysis},
  journal = {Applied and Environmental Microbiology}
}

@article{Schloss2011b,
  doi = {10.1371/journal.pone.0027310},
  url = {https://doi.org/10.1371/journal.pone.0027310},
  year = {2011},
  month = dec,
  publisher = {Public Library of Science ({PLoS})},
  volume = {6},
  number = {12},
  pages = {e27310},
  author = {Patrick D. Schloss and Dirk Gevers and Sarah L. Westcott},
  editor = {Jack Anthony Gilbert},
  title = {Reducing the Effects of {PCR} Amplification and Sequencing Artifacts on 16S {rRNA}-Based Studies},
  journal = {{PLoS} {ONE}}
}

@article{Schloss2012a,
  doi = {10.1038/ismej.2012.102},
  url = {https://doi.org/10.1038/ismej.2012.102},
  year = {2012},
  month = sep,
  publisher = {Springer Nature},
  volume = {7},
  number = {3},
  pages = {457--460},
  author = {Patrick D Schloss},
  title = {Secondary structure improves {OTU} assignments of 16S {rRNA} gene sequences},
  journal = {The {ISME} Journal}
}

@article{Schloss2016a,
  doi = {10.1128/msystems.00027-16},
  url = {https://doi.org/10.1128/msystems.00027-16},
  year = {2016},
  month = apr,
  publisher = {American Society for Microbiology},
  volume = {1},
  number = {2},
	pages = {e00027-16},
  author = {Patrick D. Schloss},
  title = {Application of a Database-Independent Approach To Assess the Quality of Operational Taxonomic Unit Picking Methods},
  journal = {{mSystems}}
}

@article{Schloss2016b,
  doi = {10.7717/peerj.1869},
  url = {https://doi.org/10.7717/peerj.1869},
  year = {2016},
  month = mar,
  publisher = {{PeerJ}},
  volume = {4},
  pages = {e1869},
  author = {Patrick D. Schloss and Matthew L. Jenior and Charles C. Koumpouras and Sarah L. Westcott and Sarah K. Highlander},
  title = {Sequencing 16S {rRNA} gene fragments using the {PacBio} {SMRT} {DNA} sequencing system},
  journal = {{PeerJ}}
}

@article{Schloss2018a,
  doi = {10.21105/jose.00013},
  url = {https://doi.org/10.21105/jose.00013},
  year = {2018},
  month = aug,
  publisher = {The Open Journal},
  volume = {1},
  number = {3},
  pages = {13},
  author = {Patrick D Schloss},
  title = {The Riffomonas Reproducible Research Tutorial Series},
  journal = {Journal of Open Source Education}
}

@article{Schloss2018b,
  doi = {10.1128/mbio.00525-18},
  url = {https://doi.org/10.1128/mbio.00525-18},
  year = {2018},
  month = jun,
  publisher = {American Society for Microbiology},
  volume = {9},
  number = {3},
	pages = {e00525-18},
  author = {Patrick D. Schloss},
  editor = {Jacques Ravel},
  title = {Identifying and Overcoming Threats to Reproducibility,  Replicability,  Robustness,  and Generalizability in Microbiome Research},
  journal = {{mBio}}
}

@article{Seguritan2001,
  doi = {10.1186/1471-2105-2-9},
  url = {https://doi.org/10.1186/1471-2105-2-9},
  year = {2001},
  publisher = {Springer Nature},
  volume = {2},
  number = {1},
  pages = {9},
  author = {Victor Seguritan and Forest Rohwer},
	title = {FastGroup: A program to dereplicate libraries of 16S rDNA sequences},
  journal = {{BMC} Bioinformatics}
}

@article{Singleton2001,
  doi = {10.1128/aem.67.9.4374-4376.2001},
  url = {https://doi.org/10.1128/aem.67.9.4374-4376.2001},
  year = {2001},
  month = sep,
  publisher = {American Society for Microbiology},
  volume = {67},
  number = {9},
  pages = {4374--4376},
  author = {D. R. Singleton and M. A. Furlong and S. L. Rathbun and W. B. Whitman},
  title = {Quantitative Comparisons of 16S {rRNA} Gene Sequence Libraries from Environmental Samples},
  journal = {Applied and Environmental Microbiology}
}

@article{Smith2018,
  doi = {10.1039/c8cc01753k},
  url = {https://doi.org/10.1039/c8cc01753k},
  year = {2018},
  publisher = {Royal Society of Chemistry ({RSC})},
  volume = {54},
  number = {38},
  pages = {4743--4760},
  author = {David K. Smith},
  title = {From fundamental supramolecular chemistry to self-assembled nanomaterials and medicines and back again {\textendash} how Sam inspired {SAMul}},
  journal = {Chemical Communications}
}

@article{Sogin2006,
  doi = {10.1073/pnas.0605127103},
  url = {https://doi.org/10.1073/pnas.0605127103},
  year = {2006},
  month = jul,
  publisher = {Proceedings of the National Academy of Sciences},
  volume = {103},
  number = {32},
  pages = {12115--12120},
  author = {M. L. Sogin and H. G. Morrison and J. A. Huber and D. M. Welch and S. M. Huse and P. R. Neal and J. M. Arrieta and G. J. Herndl},
  title = {Microbial diversity in the deep sea and the underexplored "rare biosphere"},
  journal = {Proceedings of the National Academy of Sciences}
}

@article{Stackebrandt1994,
  doi = {10.1099/00207713-44-4-846},
  url = {https://doi.org/10.1099/00207713-44-4-846},
  year = {1994},
  month = oct,
  publisher = {Microbiology Society},
  volume = {44},
  number = {4},
  pages = {846--849},
  author = {E. Stackebrandt and B. M. Goebel},
  title = {Taxonomic Note: A Place for {DNA}-{DNA} Reassociation and 16S {rRNA} Sequence Analysis in the Present Species Definition in Bacteriology},
  journal = {International Journal of Systematic and Evolutionary Microbiology}
}

@article{Suzuki1996,
  title={Bias caused by template annealing in the amplification of mixtures of 16S rRNA genes by PCR.},
  author={Suzuki, Marcelino T and Giovannoni, Stephen J},
  journal={Applied and Environmental Microbiology},
  volume={62},
  number={2},
  pages={625--630},
  year={1996},
  publisher={Am Soc Microbiol}
}

@article{Thompson1994,
  doi = {10.1093/nar/22.22.4673},
  url = {https://doi.org/10.1093/nar/22.22.4673},
  year = {1994},
  publisher = {Oxford University Press ({OUP})},
  volume = {22},
  number = {22},
  pages = {4673--4680},
  author = {Julie D. Thompson and Desmond G. Higgins and Toby J. Gibson},
  title = {{CLUSTAL} W: improving the sensitivity of progressive multiple sequence alignment through sequence weighting,  position-specific gap penalties and weight matrix choice},
  journal = {Nucleic Acids Research}
}

@article{VzquezBaeza2013,
  doi = {10.1186/2047-217x-2-16},
  url = {https://doi.org/10.1186/2047-217x-2-16},
  year = {2013},
  month = nov,
  publisher = {Oxford University Press ({OUP})},
  volume = {2},
  number = {1},
	pages = {16},
  author = {Yoshiki V{\'{a}}zquez-Baeza and Meg Pirrung and Antonio Gonzalez and Rob Knight},
  title = {{EMPeror}: a tool for visualizing high-throughput microbial community data},
  journal = {{GigaScience}}
}

@article{Wagner1994,
  title={Surveys of gene families using polymerase chain reaction: PCR selection and PCR drift},
  author={Wagner, Andreas and Blackstone, Neil and Cartwright, Paulyn and Dick, Matthew and Misof, Bernhard and Snow, Peter and Wagner, Gunter P and Bartels, Janet and Murtha, Mike and Pendleton, John},
  journal={Systematic Biology},
  volume={43},
  number={2},
  pages={250--261},
  year={1994},
  publisher={JSTOR}
}

@article{Wang1997,
  title={Frequency of formation of chimeric molecules as a consequence of PCR coamplification of 16S rRNA genes from mixed bacterial genomes.},
  author={Wang, GC and Wang, Yue},
  journal={Applied and Environmental Microbiology},
  volume={63},
  number={12},
  pages={4645--4650},
  year={1997},
  publisher={Am Soc Microbiol}
}

@article{Wang2007,
  doi = {10.1128/aem.00062-07},
  url = {https://doi.org/10.1128/aem.00062-07},
  year = {2007},
  month = jun,
  publisher = {American Society for Microbiology},
  volume = {73},
  number = {16},
  pages = {5261--5267},
  author = {Q. Wang and G. M. Garrity and J. M. Tiedje and J. R. Cole},
  title = {Naive Bayesian Classifier for Rapid Assignment of {rRNA} Sequences into the New Bacterial Taxonomy},
  journal = {Applied and Environmental Microbiology}
}

@article{Westcott2015,
  doi = {10.7717/peerj.1487},
  url = {https://doi.org/10.7717/peerj.1487},
  year = {2015},
  month = dec,
  publisher = {{PeerJ}},
  volume = {3},
  pages = {e1487},
  author = {Sarah L. Westcott and Patrick D. Schloss},
  title = {De novo clustering methods outperform reference-based methods for assigning 16S {rRNA} gene sequences to operational taxonomic units},
  journal = {{PeerJ}}
}

@article{Westcott2017,
  doi = {10.1128/mspheredirect.00073-17},
  url = {https://doi.org/10.1128/mspheredirect.00073-17},
  year = {2017},
  month = mar,
  publisher = {American Society for Microbiology},
  volume = {2},
  number = {2},
	pages = {e00073-17},
  author = {Sarah L. Westcott and Patrick D. Schloss},
  editor = {Katherine McMahon},
  title = {{OptiClust},  an Improved Method for Assigning Amplicon-Based Sequence Data to Operational Taxonomic Units},
  journal = {{mSphere}}
}

@article{Yilmaz2013,
  doi = {10.1093/nar/gkt1209},
  url = {https://doi.org/10.1093/nar/gkt1209},
  year = {2013},
  month = nov,
  publisher = {Oxford University Press ({OUP})},
  volume = {42},
  number = {D1},
  pages = {D643--D648},
  author = {Pelin Yilmaz and Laura Wegener Parfrey and Pablo Yarza and Jan Gerken and Elmar Pruesse and Christian Quast and Timmy Schweer and J\"{o}rg Peplies and Wolfgang Ludwig and Frank Oliver Gl\"{o}ckner},
  title = {The {SILVA} and {\textquotedblleft}All-species Living Tree Project ({LTP}){\textquotedblright} taxonomic frameworks},
  journal = {Nucleic Acids Research}
}

@article{Zhou1996,
  title={DNA recovery from soils of diverse composition.},
  author={Zhou, Jizhong and Bruns, Mary Ann and Tiedje, James M},
  journal={Applied and Environmental Microbiology},
  volume={62},
  number={2},
  pages={316--322},
  year={1996},
  publisher={Am Soc Microbiol}
}
